<?xml version="1.0" encoding="UTF-8"?><record xmlns="http://www.loc.gov/MARC21/slim" xmlns:cinclude="http://apache.org/cocoon/include/1.0" xmlns:zs="http://www.loc.gov/zing/srw/">
  <leader>00781cz  a2200169n  4500</leader>
  <controlfield tag="001">n 2012217105</controlfield>
  <controlfield tag="003">DLC</controlfield>
  <controlfield tag="005">20130508075203.0</controlfield>
  <controlfield tag="008">130507n| azannaabn          |b aaa      </controlfield>
  <datafield tag="010" ind1=" " ind2=" ">
    <subfield code="a">n 2012217105</subfield>
  </datafield>
  <datafield tag="040" ind1=" " ind2=" ">
    <subfield code="a">DLC</subfield>
    <subfield code="b">eng</subfield>
    <subfield code="c">DLC</subfield>
    <subfield code="e">rda</subfield>
  </datafield>
  <datafield tag="100" ind1="1" ind2=" ">
    <subfield code="a">Varmā, Balrāj.</subfield>
    <subfield code="t">Short stories.</subfield>
    <subfield code="k">Selections</subfield>
  </datafield>
  <datafield tag="400" ind1="1" ind2=" ">
    <subfield code="a">Varmā, Balrāj.</subfield>
    <subfield code="t">Balrāj Varmā ke muntak̲h̲ab afsāne</subfield>
  </datafield>
  <datafield tag="400" ind1="1" ind2=" ">
    <subfield code="a">Varmā, Balrāj.</subfield>
    <subfield code="t">بلراج ورما کے منتخب افسانے</subfield>
  </datafield>
  <datafield tag="400" ind1="1" ind2=" ">
    <subfield code="a">Varmā, Balrāj.</subfield>
    <subfield code="t">Balraj Verma ke muntakhab afsane</subfield>
  </datafield>
  <datafield tag="667" ind1=" " ind2=" ">
    <subfield code="a">Non-Latin script reference not evaluated.</subfield>
  </datafield>
  <datafield tag="670" ind1=" " ind2=" ">
    <subfield code="a">Balrāj Varmā ke muntak̲h̲ab afsāne, 2013:</subfield>
    <subfield code="b">t.p. (Balrāj Varmā ke muntak̲h̲ab afsāne = بلراج ورما کے منتخب افسانے) t.p. verso (Balraj Verma ke muntakhab afsane)</subfield>
  </datafield>
</record>